@article{neyman,
  title={On the application of probability theory to agricultural experiments. Essay on principles. Section 9.},
  author={Splawa-Neyman, Jerzy},
  journal={Roczniki Nauk Rolniczych} ,
  volume={10},
  pages={1--51},
  note={Translated and edited by D. M. Dabrowska and T. P. Speed for \emph{Statistical Science}, 5(4):456--72, 1990},
  year={1923},
  publisher={JSTOR}
}
@article{rubin,
  title={Bayesian inference for causal effects: The role of randomization},
  author={Rubin, Donald B},
  journal={The Annals of statistics},
  pages={34--58},
  year={1978},
  volume={6},
  number={1},
  publisher={JSTOR}
}
@article{sutva,
  title={Randomization analysis of experimental data: The Fisher randomization test comment},
  author={Rubin, Donald B},
  journal={Journal of the American Statistical Association},
  volume={75},
  number={371},
  pages={591--593},
  year={1980},
  publisher={JSTOR}
}

@article{yule1899investigation,
  title={An investigation into the causes of changes in pauperism in England, chiefly during the last two intercensal decades (Part I.)},
  author={Yule, G Udny},
  journal={Journal of the Royal Statistical Society},
  volume={62},
  number={2},
  pages={249--295},
  year={1899},
  publisher={JSTOR}
}

@article{aronow,
  title={A class of unbiased estimators of the average treatment effect in randomized experiments},
  author={Aronow, Peter M and Middleton, Joel A},
  journal={Journal of Causal Inference},
  volume={1},
  number={1},
  pages={135--154},
  year={2013},
  publisher={De Gruyter}
}

@inproceedings{tame,
  title={Using a Single Model Trained across Multiple Experiments to Improve the Detection of Treatment Effects},
  author={Patikorn, Thanaporn and Selent, Douglas and Heffernan, Neil T and Beck, Joseph E and Zou, Jian},
  booktitle={Proceedings of the 10th International Conference of Educational Data Mining},
  year={2017}
}

@article{salesRebar,
  title={Rebar: Reinforcing a matching estimator with predictions from high-dimensional covariates},
  author={Sales, Adam C and Hansen, Ben B and Rowan, Brian},
  journal={Journal of Educational and Behavioral Statistics},
  volume={43},
  number={1},
  pages={3--31},
  year={2018},
  publisher={SAGE Publications Sage CA: Los Angeles, CA}
}

@article{rosenbaum,
  title={Covariance adjustment in randomized experiments and observational studies},
  author={Rosenbaum, Paul R and others},
  journal={Statistical Science},
  volume={17},
  number={3},
  pages={286--327},
  year={2002},
  publisher={Institute of Mathematical Statistics}
}

@inproceedings{data,
  title={Assistments dataset from multiple randomized controlled experiments},
  author={Selent, Douglas and Patikorn, Thanaporn and Heffernan, Neil},
  booktitle={Proceedings of the Third (2016) ACM Conference on Learning@ Scale},
  pages={181--184},
  year={2016},
  organization={ACM}
}


@article{freedman,
  title={On regression adjustments to experimental data},
  author={Freedman, David A},
  journal={Advances in Applied Mathematics},
  volume={40},
  number={2},
  pages={180--193},
  year={2008},
  publisher={Elsevier}
}

@article{schochet2015statistical,
  title={Statistical Theory for the" RCT-YES" Software: Design-Based Causal Inference for RCTs. NCEE 2015-4011.},
  author={Schochet, Peter Z},
  journal={National Center for Education Evaluation and Regional Assistance},
  year={2015},
  publisher={ERIC}
}

@article{williams1989learning,
  title={A learning algorithm for continually running fully recurrent neural networks},
  author={Williams, Ronald J and Zipser, David},
  journal={Neural computation},
  volume={1},
  number={2},
  pages={270--280},
  year={1989},
  publisher={MIT Press}
}

@article{hochreiter1997long,
  title={Long short-term memory},
  author={Hochreiter, Sepp and Schmidhuber, J{\"u}rgen},
  journal={Neural computation},
  volume={9},
  number={8},
  pages={1735--1780},
  year={1997},
  publisher={MIT Press}
}

@article{khajah2016deep,
  title={How deep is knowledge tracing?},
  author={Khajah, Mohammad and Lindsey, Robert V and Mozer, Michael C},
  journal={arXiv preprint arXiv:1604.02416},
  year={2016}
}

@inproceedings{botelho2017improving,
  title={Improving Sensor-Free Affect Detection Using Deep Learning},
  author={Botelho, Anthony F and Baker, Ryan S and Heffernan, Neil T},
  booktitle={International Conference on Artificial Intelligence in Education},
  pages={40--51},
  year={2017},
  organization={Springer}
}

@inproceedings{piech2015deep,
  title={Deep knowledge tracing},
  author={Piech, Chris and Bassen, Jonathan and Huang, Jonathan and Ganguli, Surya and Sahami, Mehran and Guibas, Leonidas J and Sohl-Dickstein, Jascha},
  booktitle={Advances in Neural Information Processing Systems},
  pages={505--513},
  year={2015}
}